<?xml version="1.0" encoding="UTF-8"?><collection xmlns="http://www.loc.gov/MARC21/slim"><record><leader>00469nam--2200193-u-4500</leader><controlfield tag="001">000053122</controlfield><controlfield tag="002">20161230</controlfield><controlfield tag="005">20161230201050</controlfield><controlfield tag="008">110106s1000------------r-----000-0-rus-d</controlfield><datafield ind1=" " ind2=" " tag="040"><subfield code="a">IFIN-HH</subfield></datafield><datafield ind1=" " ind2=" " tag="041"><subfield code="a">rus</subfield></datafield><datafield ind1=" " ind2=" " tag="080"><subfield code="a">539.12.1</subfield></datafield><datafield ind1="1" ind2=" " tag="100"><subfield code="a">Kopilov, G.I</subfield></datafield><datafield ind1="1" ind2="0" tag="245"><subfield code="a">Vsego lisi kinematika</subfield><subfield code="c">G.i. kopilov</subfield></datafield><datafield ind1=" " ind2=" " tag="260"><subfield code="a">Moskva</subfield><subfield code="b">Nauka</subfield><subfield code="c">1981</subfield></datafield><datafield ind1=" " ind2=" " tag="300"><subfield code="a">176P</subfield></datafield><datafield ind1=" " ind2=" " tag="490"><subfield code="a">Biblioteka. Kvant</subfield><subfield code="v">Vipusk 11</subfield></datafield><datafield ind1=" " ind2=" " tag="852"><subfield code="a">80648</subfield><subfield code="c">539.12</subfield></datafield><datafield ind1=" " ind2=" " tag="CAT"><subfield code="a">Sys</subfield><subfield code="c">20110106</subfield><subfield code="h">120919</subfield></datafield></record></collection>